<record><leader>00000cas a2200000 a 4500</leader><controlfield tag="001">9703175</controlfield><controlfield tag="008">830714d18151817nyucr ne      0    0eng c</controlfield><datafield ind1=" " ind2=" " tag="010"><subfield code="a">sn 83030888 </subfield></datafield><datafield ind1=" " ind2=" " tag="040"><subfield code="a">NPU</subfield><subfield code="b">eng</subfield><subfield code="c">NPU</subfield><subfield code="d">DLC</subfield><subfield code="d">NPX</subfield><subfield code="d">NPA</subfield><subfield code="d">DLC</subfield><subfield code="d">YOX</subfield><subfield code="d">KNP</subfield><subfield code="d">NYS</subfield><subfield code="d">MBN</subfield><subfield code="d">OBN</subfield><subfield code="d">IUL</subfield><subfield code="d">OCL</subfield><subfield code="d">CVF</subfield><subfield code="d">DLC</subfield><subfield code="d">OCLCQ</subfield><subfield code="d">NYS</subfield><subfield code="d">DLC</subfield><subfield code="d">KRTAS</subfield><subfield code="d">DLC</subfield><subfield code="d">OCLCQ</subfield><subfield code="d">OCLCF</subfield><subfield code="d">OCLCO</subfield></datafield><datafield ind1="1" ind2=" " tag="029"><subfield code="a">AU@</subfield><subfield code="b">000020293637</subfield></datafield><datafield ind1=" " ind2=" " tag="042"><subfield code="a">pcc</subfield></datafield><datafield ind1=" " ind2=" " tag="043"><subfield code="a">n-us-ny</subfield></datafield><datafield ind1="0" ind2="0" tag="050"><subfield code="a">Newspaper 8829</subfield></datafield><datafield ind1="0" ind2=" " tag="130"><subfield code="a">Albany advertiser (Albany, N.Y. : 1815)</subfield></datafield><datafield ind1="1" ind2="4" tag="245"><subfield code="a">The Albany advertiser.</subfield></datafield><datafield ind1=" " ind2=" " tag="260"><subfield code="a">Albany [N.Y.] :</subfield><subfield code="b">Printed and published by John W. Walker, for Theodore Dwight,</subfield><subfield code="c">-1817.</subfield></datafield><datafield ind1=" " ind2=" " tag="300"><subfield code="a">v. ;</subfield><subfield code="c">55 cm.</subfield></datafield><datafield ind1=" " ind2=" " tag="310"><subfield code="a">Semiweekly</subfield></datafield><datafield ind1="1" ind2=" " tag="362"><subfield code="a">Began Sept. 27, 1815.</subfield></datafield><datafield ind1="0" ind2=" " tag="362"><subfield code="a">-no. 156 (Mar. 22, 1817).</subfield></datafield><datafield ind1="4" ind2=" " tag="510"><subfield code="a">C.S. Brigham, Early American newspapers</subfield><subfield code="c">p. 527</subfield></datafield><datafield ind1=" " ind2=" " tag="530"><subfield code="a">Also issued on microfilm by Readex Microprint Corp.</subfield></datafield><datafield ind1=" " ind2=" " tag="580"><subfield code="a">Merged with: Country courier; to form: New-York advertiser.</subfield></datafield><datafield ind1=" " ind2=" " tag="588"><subfield code="a">Description based on: No. 2 (Sept. 30, 1815).</subfield></datafield><datafield ind1=" " ind2="0" tag="651"><subfield code="a">Albany (N.Y.)</subfield><subfield code="v">Newspapers.</subfield></datafield><datafield ind1=" " ind2="0" tag="651"><subfield code="a">Albany County (N.Y.)</subfield><subfield code="v">Newspapers.</subfield></datafield><datafield ind1=" " ind2="7" tag="655"><subfield code="a">Newspapers.</subfield><subfield code="2">fast</subfield><subfield code="0">(OCoLC)fst01423814</subfield></datafield><datafield ind1=" " ind2="7" tag="651"><subfield code="a">New York (State)</subfield><subfield code="z">Albany.</subfield><subfield code="2">fast</subfield><subfield code="0">(OCoLC)fst01225716</subfield></datafield><datafield ind1=" " ind2="7" tag="651"><subfield code="a">New York (State)</subfield><subfield code="z">Albany County.</subfield><subfield code="2">fast</subfield><subfield code="0">(OCoLC)fst01210357</subfield></datafield><datafield ind1=" " ind2=" " tag="752"><subfield code="a">United States</subfield><subfield code="b">New York</subfield><subfield code="c">Albany</subfield><subfield code="d">Albany.</subfield></datafield><datafield ind1="0" ind2=" " tag="775"><subfield code="t">Albany daily advertiser (Albany, N.Y. : 1815)</subfield><subfield code="w">(DLC)sn 83030889</subfield><subfield code="w">(OCoLC)9699592</subfield></datafield><datafield ind1="1" ind2="7" tag="785"><subfield code="t">Country courier</subfield><subfield code="x">2159-0397</subfield><subfield code="w">(DLC)sn 83030230</subfield><subfield code="w">(OCoLC)9383749</subfield></datafield><datafield ind1="1" ind2="7" tag="785"><subfield code="t">New-York advertiser</subfield><subfield code="w">(DLC)sn 83030011</subfield><subfield code="w">(OCoLC)9303862</subfield></datafield><datafield ind1=" " ind2=" " tag="938"><subfield code="a">Kirtas Technologies, Inc.</subfield><subfield code="b">KRTS</subfield><subfield code="n">737083</subfield></datafield></record>